@book{arias22logica,
author = {Joaqu\'in Arias},
title = {Lógica: desde Aristóteles hasta Prolog},
year = {2022},
publisher = {{Servicio de Publicaciones de la Universidad Rey Juan Carlos}},
  address = {Madrid},
ISBN = {978-84-09-38265-1},
}

@article{gentzen1935untersuchungen,
  title={Untersuchungen {\"u}ber das logische schlie{\ss}en. I.},
  author={Gentzen, Gerhard},
  journal={Mathematische zeitschrift},
  volume={35},
  year={1935}
}
