

@BOOK{Rosen2005-xl,
  title     = "Matem\'atica discreta y Sus aplicaciones",
  author    = "Rosen, Kenneth H.",
  publisher = "McGraw-Hill Interamericana de España S.L.",
  edition = 5,
  year      =  2004,
  pages     = {888},
  ISBN      = "978-8448140731"
}

@BOOK{Smart2002-mc,
  title     = "Cryptography",
  author    = "Smart, Nigel P.",
  publisher = "McGraw Hill Education",
  year      =  2002,
  pages     = {456},
  address   = "Maidenhead, England",
  ISBN      = "978-0077099879"
}

@book{9788466730679,
    title = {Matemática discreta},
    author = {Francisco~Javier Cirre-Torres},
    publisher = "Anaya Educaci\'on",
    year = {2004},
    pages = {184},
    isbn = {978-8466730679}
}

@book{9788466726061,
    title = {\'Algebra matricial},
    author = {Jos\'e~Manuel Gamboa-Mutuberr\'ia and M.~Bel\'en,
                  Rodr\'iguez-Rodr\'iguez},
    publisher = "Anaya Educaci\'on",
    year = {2004},
    pages = {144},
    isbn = {978-8466726061}
}

@book{cobos,
title = "Introducci\'on a la Matem\'atica Discreta",
author = "Javier Cobos-Gavala",
year = {2000},
pages = {124},
publisher = "Departamento de Matem\'atica Aplicada I",
address = "Universidad de Sevilla",
note = "Apuntes de clase"
}

@BOOK{Brasard1997-pr,
  title     = "Fundamentos De Algoritmia",
  author    = "Paul Bratley and Gilles Brassard",
  publisher = "Prentice Hall",
  year      =  1996,
  pages     = {600},
  address   = "London, England",
  ISBN = {978-8489660007}
}


@BOOK{Lay2012-qb,
  title     = "\'Algebra lineal y sus aplicaciones",
  author    = "Lay, David C.",
  publisher = "Pearson",
  edition   =  4,
  year      =  2013,
  address   = "Upper Saddle River, NJ",
  ISBN      ="978-6073237451"
}

@BOOK{Merino_Gonzalez2006-be,
  title     = "\'Algebra Lineal Con M\'etodos Elementales",
  author    = "Merino-Gonzalez, Luis~Miguel and Santo- Alaez, Evangelina",
  publisher = "Ediciones Paraninfo, S.A.",
  year      =  2006,
  pages     = {408},
  ISBN      = {978-8497324816}
}

@book{slides,
title = "Tema 6. C\'odigos lineales",
author = "Montenegro, Jos\'e A.",
publisher = "Departamento de Lenguajes y Ciencias de la Computaci\'on",
address = "Universidad de M\'alaga",
year = {2013},
pages = "76",
note = "Transparencias de clase"
}

